<record><leader>00000cas a22000007a 4500</leader><controlfield tag="001">10442344</controlfield><controlfield tag="008">840222d19731986cauwr ne      0   a0eng d</controlfield><datafield ind1=" " ind2=" " tag="010"><subfield code="a">sn 84009449 </subfield></datafield><datafield ind1=" " ind2=" " tag="040"><subfield code="a">NSD</subfield><subfield code="b">eng</subfield><subfield code="c">NSD</subfield><subfield code="d">CNK</subfield><subfield code="d">OCLCQ</subfield><subfield code="d">OCLCF</subfield><subfield code="d">OCLCO</subfield></datafield><datafield ind1=" " ind2=" " tag="012"><subfield code="j">0</subfield><subfield code="l">1</subfield></datafield><datafield ind1="1" ind2=" " tag="022"><subfield code="a">0742-7905</subfield><subfield code="l">0742-7905</subfield><subfield code="2">1</subfield></datafield><datafield ind1="1" ind2=" " tag="029"><subfield code="a">AU@</subfield><subfield code="b">000020411702</subfield></datafield><datafield ind1=" " ind2=" " tag="037"><subfield code="b">Mendocino Grapevine, 203 N. State St., Ukiah, CA 95482-0020</subfield></datafield><datafield ind1=" " ind2=" " tag="042"><subfield code="a">nsdp</subfield></datafield><datafield ind1=" " ind2=" " tag="043"><subfield code="a">n-us-ca</subfield></datafield><datafield ind1=" " ind2="0" tag="222"><subfield code="a">Mendocino grapevine</subfield></datafield><datafield ind1="0" ind2="0" tag="245"><subfield code="a">Mendocino grapevine.</subfield></datafield><datafield ind1=" " ind2=" " tag="260"><subfield code="a">Willits, Calif. :</subfield><subfield code="b">[s.n.]</subfield></datafield><datafield ind1=" " ind2=" " tag="310"><subfield code="a">Weekly,</subfield><subfield code="b">Apr. 7-14, 1975-May 22, 1986</subfield></datafield><datafield ind1=" " ind2=" " tag="321"><subfield code="a">Monthly,</subfield><subfield code="b">Jan. 1973-Mar. 1974</subfield></datafield><datafield ind1=" " ind2=" " tag="321"><subfield code="a">Semimonthly,</subfield><subfield code="b">Apr. 1-15, 1974-Mar. 24-Apr. 7, 1975</subfield></datafield><datafield ind1="0" ind2=" " tag="362"><subfield code="a">Issue no. 1 (Jan. 1973)-May 22, 1986.</subfield></datafield><datafield ind1=" " ind2=" " tag="500"><subfield code="a">Later published in Ukiah.</subfield></datafield><datafield ind1=" " ind2="0" tag="650"><subfield code="a">Underground press publications</subfield><subfield code="z">California</subfield><subfield code="z">Mendocino County</subfield><subfield code="v">Newspapers.</subfield></datafield><datafield ind1=" " ind2="0" tag="651"><subfield code="a">Mendocino County (Calif.)</subfield><subfield code="v">Newspapers.</subfield></datafield><datafield ind1=" " ind2="7" tag="655"><subfield code="a">Newspapers.</subfield><subfield code="2">fast</subfield><subfield code="0">(OCoLC)fst01423814</subfield></datafield><datafield ind1=" " ind2="7" tag="650"><subfield code="a">Underground press publications.</subfield><subfield code="2">fast</subfield><subfield code="0">(OCoLC)fst01160984</subfield></datafield><datafield ind1=" " ind2="7" tag="651"><subfield code="a">California</subfield><subfield code="z">Mendocino County.</subfield><subfield code="2">fast</subfield><subfield code="0">(OCoLC)fst01215516</subfield></datafield><datafield ind1=" " ind2=" " tag="752"><subfield code="a">United States</subfield><subfield code="b">California</subfield><subfield code="c">Mendocino</subfield><subfield code="d">Ukiah.</subfield></datafield><datafield ind1=" " ind2=" " tag="752"><subfield code="a">United States</subfield><subfield code="b">California</subfield><subfield code="c">Mendocino</subfield><subfield code="d">Willits.</subfield></datafield><datafield ind1="0" ind2="0" tag="785"><subfield code="t">Valley times (Ukiah, Calif.)</subfield><subfield code="x">0889-9541</subfield><subfield code="w">(DLC)sn 86002269</subfield></datafield><datafield ind1=" " ind2=" " tag="936"><subfield code="a">Feb. 2-8, 1984</subfield></datafield></record>